@article{beatty,
author = {Joy Beatty},
title = {Winning the Hidden Battle: Requirements Tool Selection and Adoption},
year = {2013}
}

@article{gotel,
author = {Orlena Gotel and Anthony Finkelstein},
title = {An Analysis of the Requirements Traceability Problem},
year = {1994}
}

@inproceedings{winkler,
author = {Stefan Winkler and Jens von Pilgrim},
title = {A survey of traceability in requirements engineering and model-driven development},
booktitle = {Software and Systems Modeling},
year = {2010}
}

@inproceedings{dahlstedt,
author = {Åsa Dahlstedt and Anne Persson},
title = {Requirements Interdependencies - Moulding the State of Research into a Research Agenda},
booktitle = {Ninth International Workshop on Requirements Engineering: Foundation for Software Quality},
year = {2003}
}

@incollection{persson,
author = {Åsa Dahlstedt and Anne Persson},
title = {Engineering and Managing Software Requirements},
chapter = {Requirements Interdependencies: State of the Art and Future Challenges},
publisher = {Springer},
year = {2005}
}

@inproceedings{ramesh,
author = {Balasubramaniam Ramesh and Robert M. Edwards},
title = {Issues in the Development of a Requirements Traceability Model},
booktitle = {Proceedings of IEEE International Symposium on Requirements Engineering},
year = {1993}
}

@phdthesis{genvigir,
author= {Elias Canhadas Genvigir},
title= {Um Modelo para Rastreabilidade de Requisitos de Software Baseado em Generalização de Elos e Atributos},
school= {Instituto Nacional de Pesquisas Espaciais},
year= {2009}
}

@article{mendes,
author = {Fabiana Freitas Mendes and Patricia Gomes Fernandes and Juliano Lopes de Oliveira and Caroline da Cunha Mota and Maria Dalva Sobral Martins and Rosângela da Silva Nunes},
title = {Análise de Ferramentas para Apoio à Gerência de Projetos e Gerência de Requisitos de Software},
year = {S/D}
}

@article{softex,
author = {SOFTEX},
title = {MPS.BR - Melhoria de Processo do Software Brasileiro },
year = {2012}
}

@inproceedings{goguen,
author = {Joseph Goguen and C. Linde},
title = {Techiniques for Requirements Elicitation},
booktitle = {Proceedings of IEEE International Symposium on Requirements Engineering},
year = {1993}
}

@book{sommerville,
author = {Ian Sommerville},
title = {Engenharia de \textit{Software}},
publisher = {PEARSON},
year = {2012}
}

@book{kruchten,
author = {Philippe Kruchten},
title = {Introdução ao RUP - Rational Unified Process},
publisher = {CIENCIA MODERNA},
year = {2003},
}

@Book{pressman,
author = {Roger Pressman},
title = {Engenharia de Software, Uma Abordagem Profissional},
publisher = {MCGRAW HILL - ARTMED},
year = {2011}
}

@book{dennis,
	author = {Alan Dennis and Barbara Haley Wixom and Roberta Roth},
	title = {\textit{System Analysis and Design}},
	publisher = {Wiley},	
	year = {2012},
}

@misc{safe,
author = {Dean Leffingwell},
title = {SAFe Lean-Agile Principles},
year = {2015},
url = {http://v3.scaledagileframework.com/safe-lean-agile-principles},
note = {Online; Acessado em 05 de Maio de 2016}
}

@misc{team,
author = {Dean Leffingwell},
title = {Team Level Abstract},
year = {2014},
url = {http://v3.scaledagileframework.com/team-level/},
note = {Online; Acessado em 05 de Maio de 2016}
}

@misc{portfolio,
author = {Dean Leffingwell},
title = {Portfolio Level Abstract},
year = {2014},
url = {http://v3.scaledagileframework.com/portfolio-level/},
note = {Online; Acessado em 05 de Maio de 2016}
}

@misc{program,
author = {Dean Leffingwell},
title = {Program Level Abstract},
year = {2014},
url = {http://v3.scaledagileframework.com/program-level/},
note = {Online; Acessado em 05 de Maio de 2016}
}

@misc{rup1,
author = {MDS},
title = {Conceito: Rastreabilidade},
year = {S/D},
url = {http://mds.cultura.gov.br/core.base_rup/guidances/concepts/traceability_8F6B898D.html},
note = {Online; Acessado em 05 de Maio de 2016}
}

@misc{dev1,
author = {Clayton Vieira Fraga Filho},
title = {Ferramenta Controlada: Apoio ao Processo de Desenvolvimento de Software},
year = {S/D},
url = {http://www.devmedia.com.br/ferramenta-controla-apoio-ao-processo-de-desenvolvimento-de-software/283},
note = {Online; Acessado em 06 de Maio de 2016}
}

@misc{dev2,
author = {Fabio Gomes},
title = {Uma Visão Geral sobre Metodologia Ágil},
year = {S/D},
url = {http://www.devmedia.com.br/uma-visao-geral-sobre-metodologia-agil/27944},
note = {Online; Acessado em 05 de Maio de 2016}
}

@misc{dev3,
author = {Thiago Gimenez},
title = {CMMI (Capability Maturity Model Integration)},
year = {S/D},
url = {http://www.devmedia.com.br/cmmi-capability-maturity-model-integration/3530#ixzz46Z1JMvoQ},
note = {Online; Acessado em 04 de Maio de 2016}
}

@misc{cortes,
author = {Mario Côrtes},
title = {Capítulo 7: ISO/IEC 15504(SPICE)},
school = {IC-UNICAMP},
year = {S/D},
url = {http://www.ic.unicamp.br/~cortes/inf326/transp/cap7.pdf},
note = {Online; Acessado em 03 de Maio de 2016}
}
	
}